<?xml version="1.0" encoding="UTF-8"?><collection xmlns="http://www.loc.gov/MARC21/slim"><record><leader>00583nam--2200193-i-4500</leader><controlfield tag="001">000045777</controlfield><controlfield tag="002">20161230</controlfield><controlfield tag="005">20161230201045</controlfield><controlfield tag="008">060222s1000------------r-----000-0-rum-d</controlfield><datafield ind1=" " ind2=" " tag="040"><subfield code="a">IFIN-HH</subfield></datafield><datafield ind1=" " ind2=" " tag="041"><subfield code="a">rum</subfield></datafield><datafield ind1=" " ind2=" " tag="080"><subfield code="a">533.9(043)</subfield></datafield><datafield ind1="1" ind2=" " tag="100"><subfield code="a">Tsois,Nicos</subfield></datafield><datafield ind1="1" ind2="0" tag="245"><subfield code="a">Procese de fuziune in plasme tranziente in cimp magnetic</subfield><subfield code="b">Teza</subfield><subfield code="c">Nicos tsois</subfield></datafield><datafield ind1=" " ind2=" " tag="260"><subfield code="a">Bucuresti</subfield><subfield code="b">Institutul De Fizica Si Tehnologia Aparatelor Cu Radiatii</subfield><subfield code="c">1981</subfield></datafield><datafield ind1=" " ind2=" " tag="300"><subfield code="a">197 P</subfield></datafield><datafield ind1=" " ind2=" " tag="502"><subfield code="a">Conducator Stiintific: Dr. Constantin Popovici</subfield></datafield><datafield ind1=" " ind2=" " tag="852"><subfield code="a">48818</subfield><subfield code="c">533.9</subfield></datafield><datafield ind1=" " ind2=" " tag="CAT"><subfield code="a">Sys</subfield><subfield code="c">20110118</subfield><subfield code="h">083311</subfield></datafield></record></collection>